@online{squad,
    title = "The Stanford Question Answering Dataset",
    url  = "https://rajpurkar.github.io/SQuAD-explorer/",
    addendum = "(accessed: 05.2024)",
    keywords = "data"
}